@article{Lecture,
    author        = {U. Koethe},
    journaltitle  = {Lecture: Fundamentals of machine learning},
    year          = {11.02.2022}
}

@article{Lecture,
    author        = {U. Koethe},
    journaltitle  = {Reinforcement Learning Lecture Series 2021},
    year          = {2021}
}

